@techreport{accenture2017cyber,
  title={2017 Cost of Cyber Crime Study},
  author={Accenture},
  year={2017},
  institution={Accenture},
  url={https://www.accenture.com/_acnmedia/PDF-62/Accenture-2017CostCybercrime-US-FINAL.pdf},
  note={Accessed: 22-June-2023}
}

@techreport{alberts2001octave,
  title={OCTAVE Method Implementation Guide Version 2.0, Volume 1: Introduction},
  author={Alberts, C. and Dorofee, A.},
  year={2001},
  institution={Software Engineering Institute, Carnegie Mellon University},
  url={https://resources.sei.cmu.edu/asset_files/UsersGuide/2001_012_001_51564.pdf},
  note={Accessed: 22-June-2023}
}

@techreport{alberts2003octave,
  title={Introduction to the OCTAVE approach},
  author={Alberts, C. and Dorofee, A. and Stevens, J. and Woody, C.},
  year={2003},
  institution={Software Engineering Institute, Carnegie Mellon University},
  url={https://resources.sei.cmu.edu/asset_files/UsersGuide/2003_012_001_51556.pdf},
  note={Accessed: 22-June-2023}
}

@book{ale2009risk,
  title={Risk: An Introduction},
  author={Ale, B.},
  year={2009},
  publisher={Routledge},
  isbn={978-0-415-49090-0}
}

@incollection{anderson2012measuring,
  title={Measuring the cost of cybercrime},
  author={Anderson, R. and Barton, C. and B{"o}hme, R. and Clayton, R. and van Eeten, M.J. and Levi, M. and Moore, T. and Savage, S.},
  booktitle={Economics and Information Security and Privacy III},
  editor={Schneider, B.},
  pages={265--300},
  year={2012},
  publisher={Springer Verlag},
  isbn={978-146141980}
}

@article{arief2015understanding2,
  title={Understanding cybercrime from its stakeholders' perspectives: Part 2 -- defenders and victims},
  author={Arief, U. and Bin Adzmi, M.A.},
  journal={IEEE Security and Privacy},
  volume={13},
  number={2},
  pages={84--88},
  year={2015},
  doi={10.1109/MSP.2015.44}
}

@article{arief2015understanding1,
  title={Understanding cybercrime from its stakeholders' perspectives: Part 1 -- attackers},
  author={Arief, U. and Bin Adzmi, M.A. and Gross, T.},
  journal={IEEE Security and Privacy},
  volume={13},
  number={1},
  pages={71--76},
  year={2015},
  doi={10.1109/MSP.2015.19}
}

@techreport{article2017impact,
  title={Guidelines on Data Protection Impact Assessment (DPIA) and determining whether processing is \"likely to result in a high risk\" for the purposes of Regulation 2016/679, Version wp248 rev.01},
  author={Article 29 Data Protection Working Party},
  year={2017},
  institution={European Commission DG Justice},
  url={https://ec.europa.eu/newsroom/just/document.cfm?doc_id=47711},
  note={Accessed: 22-June-2023}
}

@techreport{ayers2014guidelines,
  title={Guidelines on mobile device forensics},
  author={Ayers, R. and Brothers, S. and Jansen, W.},
  year={2014},
  institution={National Institute of Standards and Technology},
  series={NIST Special Publication SP800-101 Rev.1}
}

@misc{barth2011rfc,
  title={RFC 6265: HTTP State Management Mechanism},
  author={Barth, A.},
  year={2011}
}

@techreport{bartock2016guide,
  title={Guide for cybersecurity event recovery},
  author={Bartock, M. and Cichonski, J. and Souppaya, M. and Smith, M. and Witte, G. and Scarfone, K.},
  year={2016},
  institution={National Institute of Standards and Technology},
  series={NIST Special Publication SP800-184}
}

@techreport{booz2009security,
  title={Software security assessment tools review},
  author={Booz Allan Hamilton},
  year={2009},
  institution={US NAVSEA},
  url={https://samate.nist.gov/docs/NAVSEA-Tools-Paper-2009-03-02.pdf},
  note={Accessed: 22-June-2023}
}

@techreport{caralli2007allegro,
  title={Introducing OCTAVE Allegro: Improving the information security risk assessment process},
  author={Caralli, R.A. and Stevens, J.F. and Young, L.R. and Wilson, W.R.},
  year={2007},
  institution={Software Engineering Institute, Carnegie Mellon University},
  number={CMU/SEI-2007-TR-012},
  url={https://resources.sei.cmu.edu/asset_files/TechnicalReport/2007_005_001_14885.pdf},
  note={Accessed: 22-June-2023}
}

@article{casey2008impact,
  title={The impact of full disk encryption on digital forensics},
  author={Casey, E. and Stellatos, G.J.},
  journal={ACM SIGOPS Operating Systems Review},
  volume={42},
  number={3},
  pages={93--98},
  year={2008}
}

@book{comer2007internet,
  title={The Internet Book: Everything you need to know about computer networking and how the Internet works},
  author={Comer, D.E.},
  year={2007},
  edition={fourth},
  publisher={Pearson},
  isbn={978-0-13-233553-9}
}

@book{comer2014computer,
  title={Computer Networks and Internets},
  author={Comer, D.E.},
  year={2014},
  edition={sixth},
  publisher={Pearson},
  isbn={978-0-13-358793-7}
}

@techreport{iso2012evaluation,
  title={Common Criteria for Information Technology Security Evaluation, Part 1: Introduction and general model. Version 3.1, revision 4},
  author={International Standards Organisation},
  year={2012},
  number={CCMB-2012-09-001},
  url={https://www.commoncriteriaportal.org/files/ccfiles/CCPART1V3.1R4.pdf},
  note={Accessed: 22-June-2023}
}

