@book{abela2013advanced,
    title={Advanced Presentations by Design: Creating Communication that Drives Action},
    author={Abela, Andrew},
    year={2013},
    publisher={Pfeiffer}
}

@article{anscombe1973graphs,
    title={Graphs in statistical analysis},
    author={Anscombe, Francis J},
    journal={The American Statistician},
    volume={27},
    number={1},
    pages={17--21},
    year={1973}
}

@book{babbage2011passages,
    title={Passages from the Life of a Philosopher},
    author={Babbage, Charles},
    year={2011},
    publisher={Cambridge University Press}
}

@article{barron2010apple,
    title={Apple's new device looks like a winner. From 1988},
    author={Barron, James},
    journal={The New York Times},
    month={January 28},
    year={2010}
}

@book{bender2012introduction,
    title={An Introduction to Mathematical Modeling},
    author={Bender, Edward A},
    year={2012},
    publisher={Courier Corporation}
}

@book{bishop2007pattern,
    title={Pattern Recognition and Machine Learning (Information Science and Statistics)},
    author={Bishop, Christopher},
    year={2007},
    publisher={Springer, New York}
}

@article{bell2007lessons,
    title={Lessons from the Netflix prize challenge},
    author={Bell, Robert M and Koren, Yehuda},
    journal={ACM SIGKDD Explorations Newsletter},
    volume={9},
    number={2},
    pages={75--79},
    year={2007}
}

@book{bengfort2016data,
    title={Data Analytics with Hadoop: An Introduction for Data Scientists},
    author={Bengfort, Benjamin and Kim, Jenny},
    year={2016},
    publisher={O'Reilly Media, Inc.}
}

@inproceedings{brin1998anatomy,
    title={The Anatomy of a Large-Scale Hypertextual Web Search Engine},
    author={Brin, Serge and Page, Larry},
    booktitle={Proc. 7th Int. Conf. on World Wide Web (WWW)},
    pages={107--117},
    year={1998}
}

@book{bracewell1999fourier,
    title={The Fourier Transform and its Applications},
    author={Bracewell, Ronald},
    year={1999},
    publisher={McGraw-Hill},
    edition={3rd}
}

@book{brigham1988fast,
    title={The Fast Fourier Transform},
    author={Brigham, E. Oran},
    year={1988},
    publisher={Prentice Hall, Englewood Cliffs NJ},
    edition={facsimile}
}

@article{borjesson2011consensus,
    title={Consensus document regarding cardiovascular safety at sports arenas},
    author={Borjesson, M and Serratosa, L and Carre, F and Corrado, D and Drezner, J and Dugmore, D and Heidbuchel, H and Mellwig, K and Panhuyzen-Goedkoop, N and Papadakis, M and Rasmusen, H and Sharma, S and Solberg, E and van Buuren, F and Pelliccia, A},
    journal={European Heart Journal},
    volume={32},
    pages={2119--2124},
    year={2011}
}

@book{bertsekas2008introduction,
    title={Introduction to Probability},
    author={Bertsekas, Dimitri and Tsitsklis, John},
    year={2008},
    publisher={Athena Scientific},
    edition={2nd}
}

@inproceedings{bautin2008international,
    title={International Sentiment Analysis for News and Blogs},
    author={Bautin, Mikhail and Vijayarenu, Lohit and Skiena, Steven},
    booktitle={Proceedings of the International Conference on Weblogs and Social Media},
    address={Seattle, WA},
    month={April},
    year={2008}
}

@inproceedings{bautin2010access,
    title={Access: news and blog analysis for the social sciences},
    author={Bautin, Mikhail and Ward, Charles B and Patil, Akshay and Skiena, Steven S},
    booktitle={Proceedings of the 19th International Conference on World Wide Web},
    pages={1229--1232},
    year={2010},
    organization={ACM}
}

@article{coleman2008virus,
    title={Virus attenuation by genome-scale changes in codon pair bias},
    author={Coleman, J Robert and Papamichail, Dimitris and Skiena, Steven and Futcher, Bruce and Wimmer, Eckard and Mueller, Steffen},
    journal={Science},
    volume={320},
    number={5884},
    pages={1784--1787},
    year={2008}
}

@inproceedings{chen2015vector,
    title={Vector-based similarity measurements for historical figures},
    author={Chen, Yanqing and Perozzi, Bryan and Skiena, Steven},
    booktitle={International Conference on Similarity Search and Applications},
    pages={179--190},
    publisher={Springer},
    year={2015}
}

@book{de2000computational,
    title={Computational Geometry: Algorithms and Applications},
    author={de Berg, Mark and van Kreveld, Mark and Overmars, Mark and Schwarzkopf, Otfried},
    year={2000},
    publisher={Springer},
    edition={2nd}
}

@inproceedings{deterding2011game,
    title={From game design elements to gamefulness: defining gamification},
    author={Deterding, Sebastian and Dixon, Dan and Khaled, Rilla and Nacke, Lennart},
    booktitle={Proceedings of the 15th International Academic MindTrek Conference: Envisioning future media environments},
    pages={9--15},
    year={2011},
    organization={ACM}
}

@inproceedings{donoho2015fifty,
    title={50 years of data science},
    author={Donoho, David},
    booktitle={Tukey Centennial Workshop},
    address={Princeton NJ},
    year={2015}
}

@article{davenport2012data,
    title={Data scientist},
    author={Davenport, Thomas H and Patil, DJ},
    journal={Harvard Business Review},
    volume={90},
    number={5},
    pages={70--76},
    year={2012}
}

@book{easley2010networks,
    title={Networks, Crowds, and Markets: Reasoning about a highly connected world},
    author={Easley, David and Kleinberg, Jon},
    year={2010},
    publisher={Cambridge University Press}
}

@book{everitt2011cluster,
    title={Cluster Analysis},
    author={Everitt, Brian and Landau, Sabine and Leese, Mmorven and Stahl, Daniel},
    year={2011},
    publisher={Wiley},
    edition={5th}
}

@article{eades1993fast,
    title={A fast and effective heuristic for the feedback arc set problem},
    author={Eades, Peter and Lin, X. and Smyth, William F.},
    journal={Information Processing Letters},
    volume={47},
    pages={319--323},
    year={1993}
}

@article{faulkner2014community,
    title={Community sense and response systems: Your phone as quake detector},
    author={Faulkner, Matthew and Clayton, Robert and Heaton, Thomas and Chandy, K Mani and Kohler, Monica and Bunn, Julian and Guy, Richard and Liu, Annie and Olson, Michael and Cheng, MingHei and others},
    journal={Communications of the ACM},
    volume={57},
    number={7},
    pages={66--75},
    year={2014}
}

@book{few2009now,
    title={Now You See It: simple visualization techniques for quantitative analysis},
    author={Few, Stephen},
    year={2009},
    publisher={Analytics Press, Oakland CA}
}

@book{friedman2001elements,
    title={The Elements of Statistical Learning},
    author={Friedman, Jerome and Hastie, Trevor and Tibshirani, Robert},
    year={2001},
    publisher={Springer}
}

@book{freedman2007statistics,
    title={Statistics},
    author={Freedman, David and Pisani, Robert and Purves, Roger},
    year={2007},
    publisher={WW Norton \& Co, New York}
}

@misc{gayomali2014nyc,
    title={NYC taxi data blunder reveals which celebs don't tip and who frequents strip clubs},
    author={Gayomali, C.},
    year={2014},
    howpublished={\url{http://www.fastcompany.com/3036573/}},
    month={October 2}
}

@book{goodfellow2016deep,
    title={Deep Learning},
    author={Goodfellow, Ian and Bengio, Yoshua and Courville, Aaron},
    year={2016},
    publisher={MIT Press}
}

@book{giordano2013first,
    title={A First Course in Mathematical Modeling},
    author={Giordano, Frank R. and Fox, William P. and Horton, Steven B.},
    year={2013},
    publisher={Nelson Education}
}

@article{gleick1996bug,
    title={A bug and a crash: sometimes a bug is more than a nuisance},
    author={Gleick, James},
    journal={The New York Times Magazine},
    month={December 1},
    year={1996}
}

@article{ginsberg2009detecting,
    title={Detecting influenza epidemics using search engine query data},
    author={Ginsberg, Jeremy and Mohebbi, Matthew H. and Patel, Rajan S. and Brammer, Lynnette and Smolinski, Mark S. and Brilliant, Larry},
    journal={Nature},
    volume={457},
    number={7232},
    pages={1012--1014},
    year={2009}
}

@misc{goldenberg2016biggest,
    title={The biggest dinosaur in history may never have existed},
    author={Goldenberg, David},
    year={2016},
    howpublished={\url{http://fivethirtyeight.com/features/the-biggest-dinosaur-in-history-may-never-have-existed/}},
    month={January 11}
}

@book{grus2015data,
    title={Data Science from Scratch: First principles with Python},
    author={Grus, Joel},
    year={2015},
    publisher={O'Reilly Media, Inc.}
}

@inproceedings{godbole2007large,
    title={Large-scale sentiment analysis for news and blogs},
    author={Godbole, Namrata and Srinivasaiah, Manja and Skiena, Steven},
    booktitle={Int. Conf. Weblogs and Social Media},
    volume={7},
    pages={21},
    year={2007}
}

@article{halpern1988do,
    title={Do right-handers live longer?},
    author={Halpern, Diane F and Coren, Stanley},
    journal={Nature},
    volume={333},
    pages={213},
    year={1988}
}

@article{halpern1991handedness,
    title={Handedness and life span},
    author={Halpern, Diane F and Coren, Stanley},
    journal={N Engl J Med},
    volume={324},
    number={14},
    pages={998--998},
    year={1991}
}

@inproceedings{hong2010wisdom,
    title={The wisdom of bookies? sentiment analysis vs. the NFL point spread},
    author={Hong, Yancheng and Skiena, Steven},
    booktitle={Int. Conf. on Weblogs and Social Media},
    year={2010}
}

@book{huff2010how,
    title={How to Lie with Statistics},
    author={Huff, Darrell},
    year={2010},
    publisher={WW Norton & Company}
}

@incollection{indyk2004nearest,
    title={Nearest neighbors in high-dimensional spaces},
    author={Indyk, Piotr},
    booktitle={Handbook of Discrete and Computational Geometry},
    editor={Goodman, J. and O'Rourke, J.},
    publisher={CRC Press},
    pages={877--892},
    year={2004}
}

@book{james2010new,
    title={The New Bill James Historical Baseball Abstract},
    author={James, Bill},
    year={2010},
    publisher={Simon and Schuster}
}

@article{jennings1999household,
    title={Household size and the Poisson distribution},
    author={Jennings, Vic and Lloyd-Smith, Bill and Ironmonger, Duncan},
    journal={J. Australian Population Association},
    volume={16},
    pages={65--84},
    year={1999}
}

@inproceedings{joachims2002optimizing,
    title={Optimizing search engines using clickthrough data},
    author={Joachims, Thorsten},
    booktitle={Proceedings of the Eighth ACM SIGKDD International Conference on Knowledge Discovery and Data Mining},
    pages={133--142},
    year={2002},
    organization={ACM}
}

@book{johnson2007ghost,
    title={The Ghost Map: The story of London's most terrifying epidemic – and how it changed science, cities, and the modern world},
    author={Johnson, Steven},
    year={2007},
    publisher={Riverhead Books}
}

@book{james2013introduction,
    title={An Introduction to Statistical Learning},
    author={James, Gareth and Witten, Daniela and Hastie, Trevor and Tibshirani, Robert},
    year={2013},
    publisher={Springer-Verlag},
    edition={sixth}
}

@book{kapp2012gamification,
    title={The Gamification of Learning and Instruction: Game-based methods and strategies for training and education},
    author={Kapp, Karl M},
    year={2012},
    publisher={Wiley}
}

@inproceedings{kulkarni2015statistically,
    title={Statistically significant detection of linguistic change},
    author={Kulkarni, Vivek and Al-Rfou, Rami and Perozzi, Bryan and Skiena, Steven},
    booktitle={Proceedings of the 24th International Conference on World Wide Web},
    pages={625--635},
    year={2015},
    organization={ACM}
}

@inproceedings{kittur2008crowdsourcing,
    title={Crowdsourcing user studies with mechanical turk},
    author={Kittur, Aniket and Chi, Ed H and Suh, Bongwon},
    booktitle={Proceedings of the SIGCHI Conference on Human Factors in Computing Systems},
    pages={453--456},
    year={2008},
    organization={ACM}
}

@inproceedings{kisilevich2010event,
    title={Event-based analysis of people's activities and behavior using flickr and panoramio geotagged photo collections},
    author={Kisilevich, Slava and Krstajic, Milos and Keim, Daniel and Andrienko, Natalia and Andrienko, Gennady},
    booktitle={2010 14th International Conference Information Visualisation},
    pages={289--296},
    year={2010},
    organization={IEEE}
}

@book{klein2013coding,
    title={Coding the Matrix: Linear Algebra through Computer Science Applications},
    author={Klein, Phillip},
    year={2013},
    publisher={Newtonian Press}
}

@article{kosinski2013private,
    title={Private traits and attributes are predictable from digital records of human behavior},
    author={Kosinski, Michal and Stillwell, David and Graepel, Thore},
    journal={Proc. National Academy of Sciences},
    volume={110},
    number={15},
    pages={5802--5805},
    year={2013}
}

@misc{kulkarni2017dating,
    title={Dating documents: A domain independent approach to predict year of authorship},
    author={Kulkarni, Vivek and Tian, Yingtao and Dandiwala, Parth and Skiena, Steven},
    year={2017},
    note={Submitted for publication}
}

@article{leinweber2007stupid,
    title={Stupid data miner tricks: overfitting the S\&P 500},
    author={Leinweber, David J.},
    journal={The Journal of Investing},
    volume={16},
    number={1},
    pages={15--22},
    year={2007}
}

@book{lewis2004moneyball,
    title={Moneyball: The art of winning an unfair game},
    author={Lewis, Michael},
    year={2004},
    publisher={WW Norton \& Company}
}

@inproceedings{levy2014neural,
    title={Neural word embedding as implicit matrix factorization},
    author={Levy, Omer and Goldberg, Yoav},
    booktitle={Advances in Neural Information Processing Systems},
    pages={2177--2185},
    year={2014}
}

@article{lazer2014parable,
    title={The parable of Google flu: traps in big data analysis},
    author={Lazer, David and Kennedy, Ryan and King, Gary and Vespignani, Alessandro},
    journal={Science},
    volume={343},
    number={6176},
    pages={1203--1205},
    year={2014}
}

@inproceedings{lloyd2005lydia,
    title={Lydia: A system for large-scale news analysis},
    author={Lloyd, Levon and Kechagias, Dimitrios and Skiena, Steven},
    booktitle={SPIRE},
    pages={161--166},
    year={2005}
}

@book{lay2015linear,
    title={Linear Algebra and its Applications},
    author={Lay, David and Lay, Steven and McDonald, Judi},
    year={2015},
    publisher={Pearson},
    edition={5th}
}

@book{langville2012science,
    title={Who's #1? The Science of Rating and Ranking},
    author={Langville, Amy and Meyer, Carl},
    year={2012},
    publisher={Princeton Univ. Press}
}

@book{leskovec2014mining,
    title={Mining of Massive Datasets},
    author={Leskovec, Jure and Rajaraman, Anand and Ullman, Jeffrey David},
    year={2014},
    publisher={Cambridge University Press}
}

@book{malkiel1999random,
    title={A Random Walk Down Wall Street: Including a life-cycle guide to personal investing},
    author={Malkiel, Burton Gordon},
    year={1999},
    publisher={WW Norton \& Company}
}

@article{michel2011quantitative,
    title={Quantitative analysis of culture using millions of digitized books},
    author={Michel, J. and Shen Y. and Aiden, A. and Veres, A. and Gray, M. and Google Books Team and Pickett, J. and Hoiberg, D. and Clancy, D. and Norvig, P. and Orwant, J. and Pinker, S. and Nowak, M. and Aiden, E.},
    journal={Science},
    volume={331},
    pages={176--182},
    year={2011}
}

@article{mehler2006spatial,
    title={Spatial Analysis of News Sources},
    author={Mehler, Andrew and Bao, Yunfan and Li, Xin and Wang, Yue and Skiena, Steven},
    journal={IEEE Trans. Vis. Comput. Graph.},
    volume={12},
    pages={765--772},
    year={2006}
}

@article{mikolov2013efficient,
    title={Efficient estimation of word representations in vector space},
    author={Mikolov, Tomas and Chen, Kai and Corrado, Greg and Dean, Jeffrey},
    journal={arXiv preprint arXiv:1301.3781},
    year={2013}
}

@book{mckinney2012python,
    title={Python for Data Analysis: Data wrangling with Pandas, NumPy, and IPython},
    author={McKinney, Wes},
    year={2012},
    publisher={O'Reilly Media, Inc.}
}

@book{mcmanus2004right,
    title={Right Hand, Left Hand: The origins of asymmetry in brains, bodies, atoms and cultures},
    author={McManus, Chris},
    year={2004},
    publisher={Harvard University Press}
}

@article{mueller2010live,
    title={Live attenuated influenza virus vaccines by computer-aided rational design},
    author={Mueller, Steffen and Coleman, J Robert and Papamichail, Dimitris and Ward, Charles B and Nimnual, Anjaruwee and Futcher, Bruce and Skiena, Steven and Wimmer, Eckard},
    journal={Nature Biotechnology},
    volume={28},
    number={7},
    pages={723--726},
    year={2010}
}

@article{mel1988tablet,
    title={Tablet: personal computer of the year 2000},
    author={Mel, Bartlett W and Omohundro, Stephen M and Robison, Arch D and Skiena, Steven S and Thearling, Kurt H. and Young, Luke T. and Wolfram, Stephen},
    journal={Communications of the ACM},
    volume={31},
    number={6},
    pages={638--648},
    year={1988}
}

@inproceedings{nguyen2015deep,
    title={Deep neural networks are easily fooled: High confidence predictions for unrecognizable images},
    author={Nguyen, Anh and Yosinski, Jason and Clune, Jeff},
    booktitle={Computer Vision and Pattern Recognition (CVPR), 2015 IEEE Conference on},
    pages={427--436},
    year={2015},
    organization={IEEE}
}

@book{oneil2016weapons,
    title={Weapons of Math Destruction: How big data increases inequality and threatens democracy},
    author={O'Neil, Cathy},
    year={2016},
    publisher={Crown Publishing Group}
}

@book{orourke2001computational,
    title={Computational Geometry in C},
    author={O'Rourke, Joseph},
    year={2001},
    publisher={Cambridge University Press, New York},
    edition={2nd}
}

@book{padua2015thrilling,
    title={The Thrilling Adventures of Lovelace and Babbage: The (mostly) true story of the first computer},
    author={Padua, Sydney},
    year={2015},
    publisher={Penguin}
}

@inproceedings{perozzi2014deepwalk,
    title={Deepwalk: Online learning of social representations},
    author={Perozzi, Bryan and al Rfou, Rami and Skiena, Steven},
    booktitle={Proceedings of the 20th ACM SIGKDD International Conference on Knowledge Discovery and Data Mining},
    pages={701--710},
    year={2014},
    organization={ACM}
}

@book{press2007numerical,
    title={Numerical Recipes: The art of scientific computing},
    author={Press, William and Flannery, Brian and Teukolsky, Saul and Vetterling, William T.},
    year={2007},
    publisher={Cambridge University Press},
    edition={3rd}
}

@inproceedings{pennington2014glove,
    title={Glove: Global vectors for word representation},
    author={Pennington, Jeffrey and Socher, Richard and Manning, Christopher D.},
    booktitle={Empirical Methods in Natural Language Processing (EMNLP)},
    pages={1532--1543},
    year={2014}
}

@book{reingold2001calendrical,
    title={Calendrical Calculations: The Millennium Edition},
    author={Reingold, Ed and Dershowitz, Nachum},
    year={2001},
    publisher={Cambridge University Press, New York}
}

@book{ryza2015advanced,
    title={Advanced Analytics with Spark: Patterns for Learning from Data at Scale},
    author={Ryza, Sandy and Laserson, Uri and Owen, Sean and Wills, Josh},
    year={2015},
    publisher={O'Reilly Media, Inc.}
}

@incollection{samet2005multidimensional,
    title={Multidimensional spatial data structures},
    author={Samet, H.},
    booktitle={Handbook of Data Structures and Applications},
    editor={Mehta, D. and Sahni, S.},
    publisher={Chapman and Hall/CRC},
    pages={16:1--16:29},
    year={2005}
}

@book{samet2006foundations,
    title={Foundations of Multidimensional and Metric Data Structures},
    author={Samet, Hanan},
    year={2006},
    publisher={Morgan Kaufmann}
}

@inproceedings{sazaklis1997geometric,
    title={Geometric decision trees for optical character recognition},
    author={Sazaklis, George N and Arkin, Esther M and Mitchell, Joseph SB and Skiena, Steven S},
    booktitle={Proceedings of the 13th Annual Symposium on Computational Geometry},
    pages={394--396},
    year={1997},
    organization={ACM}
}

@article{sullivan2012effect,
    title={Using effect size: or why the p value is not enough},
    author={Sullivan, Gail M. and Feinn, Richard},
    journal={J. Graduate Medical Education},
    volume={4},
    pages={279--282},
    year={2012}
}

@book{silver2012signal,
    title={The Signal and the Noise: Why so many predictions fail-but some don't},
    author={Silver, Nate},
    year={2012},
    publisher={Penguin}
}

@book{skiena2001calculated,
    title={Calculated Bets: Computers, Gambling, and Mathematical Modeling to Win},
    author={Skiena, S.},
    year={2001},
    publisher={Cambridge University Press, New York}
}

@book{skiena2008algorithm,
    title={The Algorithm Design Manual},
    author={Skiena, S.},
    year={2008},
    publisher={Springer-Verlag, London},
    edition={second}
}

@article{skiena2012redesigning,
    title={Redesigning viral genomes},
    author={Skiena, Steven},
    journal={Computer},
    volume={45},
    number={3},
    pages={0047--53},
    year={2012}
}

@techreport{stephenson1999mars,
    title={Mars climate orbiter mishap investigation board phase I report},
    author={Stephenson, Arthur G and Mulville, Daniel R and Bauer, Frank H and Dukeman, Greg A and Norvig, Peter and LaPiana, Lia S and Rutledge, Peter J and Folta, David and Sackheim, Robert},
    year={1999},
    institution={NASA, Washington, DC},
    pagetotal={44}
}

@article{santi2014quantifying,
    title={Quantifying the benefits of vehicle pooling with shareability networks},
    author={Santi, Paolo and Resta, Giovanni and Szell, Michael and Sobolevsky, Stanislav and Strogatz, Steven H and Ratti, Carlo},
    journal={Proceedings of the National Academy of Sciences},
    volume={111},
    number={37},
    pages={13290--13294},
    year={2014}
}

@inproceedings{starov2015gis,
    title={GIS technology supports taxi tip prediction},
    author={Starov, Oleksii and Skiena, Steven},
    booktitle={Esri Map Book, 2014 User Conference},
    address={San Diego},
    year={2015}
}

@book{strang2011introduction,
    title={Introduction to Linear Algebra},
    author={Strang, Gilbert},
    year={2011},
    publisher={Wellesley-Cambridge Press}
}

@book{surowiecki2005wisdom,
    title={The wisdom of crowds},
    author={Surowiecki, James},
    year={2005},
    publisher={Anchor}
}

@book{skiena2013whos,
    title={Who's Bigger?: Where Historical Figures Really Rank},
    author={Skiena, Steven S. and Ward, Charles B.},
    year={2013},
    publisher={Cambridge University Press}
}

@book{tijms2012understanding,
    title={Understanding Probability},
    author={Tijms, Henk},
    year={2012},
    publisher={Cambridge University Press}
}

@book{tucker1988unified,
    title={A Unified Introduction to Linear Algebra: Models, methods, and theory},
    author={Tucker, Alan},
    year={1988},
    publisher={Macmillan}
}

@book{tufte1983visual,
    title={The Visual Display of Quantitative Information},
    author={Tufte, Edward R},
    year={1983},
    publisher={Graphics Press, Cheshire, CT}
}

@book{tufte1990envisioning,
    title={Envisioning Information},
    author={Tufte, Edward R},
    year={1990},
    publisher={Graphics Press, Cheshire, CT}
}

@book{tufte1997visual,
    title={Visual Explanations},
    author={Tufte, Edward R},
    year={1997},
    publisher={Graphics Press, Cheshire, CT}
}

@article{von2008recaptcha,
    title={recaptcha: Human-based character recognition via web security measures},
    author={Von Ahn, Luis and Maurer, Benjamin and McMillen, Colin and Abraham, David and Blum, Manuel},
    journal={Science},
    volume={321},
    number={5895},
    pages={1465--1468},
    year={2008}
}

@book{vigen2015spurious,
    title={Spurious Correlations},
    author={Vigen, Tyler},
    year={2015},
    publisher={Hatchette Books}
}

@misc{watkins2016arrows,
    title={Arrow's impossibility theorem for aggregating individual preferences into social preferences},
    author={Watkins, Thayer},
    year={2016},
    howpublished={\url{http://www.sjsu.edu/faculty/watkins/arrow.htm}}
}

@book{weaver1982lady,
    title={Lady Luck},
    author={Weaver, Warren},
    year={1982},
    publisher={Dover Publications}
}

@book{weisberg2005applied,
    title={Applied linear regression},
    author={Weisberg, Sanford},
    volume={528},
    year={2005},
    publisher={Wiley}
}

@book{west2000introduction,
    title={Introduction to Graph Theory},
    author={West, Doug},
    year={2000},
    publisher={Prentice-Hall, Englewood Cliffs NJ},
    edition={second}
}

@book{wheelan2013naked,
    title={Naked Statistics: Stripping the dread from the data},
    author={Wheelan, Charles},
    year={2013},
    publisher={WW Norton \& Company}
}

@inproceedings{zhang2009improving,
    title={Improving movie gross prediction through news analysis},
    author={Zhang, Wenbin and Skiena, Steven},
    booktitle={Proceedings of the 2009 IEEE/WIC/ACM International Joint Conference on Web Intelligence and Intelligent Agent Technology-Volume 01},
    pages={301--304},
    year={2009},
    organization={IEEE Computer Society}
}

@inproceedings{zhang2010trading,
    title={Trading strategies to exploit blog and news sentiment},
    author={Zhang, Wenbin and Skiena, Steven},
    booktitle={Proc. Int. Conf. Weblogs and Social Media (ICWSM)},
    year={2010}
}

